@article{Alexander1984,
  author       = {R. McN. Alexander},
  title        = {The Gaits of Bipedal and Quadrupedal Animals},
  number       = {2},
  pages        = {49--59},
  volume       = {3},
  date         = {1984-06},
  doi          = {10.1177/027836498400300205},
  journaltitle = {The International Journal of Robotics Research},
  publisher    = {{SAGE} Publications}
}%
%
@article{Baker2007,
  author       = {Richard Baker},
  title        = {The history of gait analysis before the advent of modern computers},
  number       = {3},
  pages        = {331--342},
  volume       = {26},
  date         = {2007-09},
  doi          = {10.1016/j.gaitpost.2006.10.014},
  journaltitle = {Gait {\&} Posture},
  publisher    = {Elsevier {BV}},
}%
%
@book{Biewener2018,
  author    = {Andrew Biewener, Sheila Patek},
  date      = {2018-03-23},
  title     = {Animal Locomotion},
  isbn      = {0191060852},
  pagetotal = {256},
  publisher = {Oxford University Press},
  url       = {https://www.ebook.de/de/product/34926791/andrew_biewener_sheila_patek_animal_locomotion.html},
  ean       = {9780191060854},
  year      = {2018}
}%
%
@article{Blickhan1989,
  author       = {R. Blickhan},
  title        = {The spring-mass model for running and hopping},
  number       = {11-12},
  pages        = {1217--1227},
  volume       = {22},
  date         = {1989-01},
  doi          = {10.1016/0021-9290(89)90224-8},
  journaltitle = {Journal of Biomechanics},
  publisher    = {Elsevier {BV}},
}%
%
@masterthesis{Bommel2011,
  title   = {Virtual pivot point control for running robots},
  author  = {Van Bommel, Leonard},
  url     = {http://resolver.tudelft.nl/uuid:11f0f72d-bd6b-4577-a0e1-8befd6c68142},
  year    = {2011}
}%
%
@article{Carrier1984,
  author       = {David R. Carrier and A. K. Kapoor and Tasuku Kimura and Martin K. Nickels and Eugenie C. Scott and Joseph K. So and Erik Trinkaus},
  title        = {The Energetic Paradox of Human Running and Hominid Evolution [and Comments and Reply]},
  number       = {4},
  pages        = {483--495},
  volume       = {25},
  date         = {1984-08},
  doi          = {10.1086/203165},
  journaltitle = {Current Anthropology},
  publisher    = {University of Chicago Press},
}%
%
@article{Cavagna1977,
  author       = {G. A. Cavagna and N. C. Heglund and C. R. Taylor},
  date         = {1977-11},
  journaltitle = {American Journal of Physiology-Regulatory, Integrative and Comparative Physiology},
  title        = {Mechanical work in terrestrial locomotion: two basic mechanisms for minimizing energy expenditure},
  doi          = {10.1152/ajpregu.1977.233.5.r243},
  number       = {5},
  pages        = {R243--R261},
  volume       = {233},
  publisher    = {American Physiological Society}
}%
%
@article{Donelan2002,
  author       = {J. Maxwell Donelan and Rodger Kram and Arthur D. Kuo},
  title        = {Simultaneous Positive and Negative External Mechanical Work in Human Walking},
  number       = {1},
  pages        = {117--124},
  volume       = {35},
  date         = {2002-01},
  doi          = {10.1016/s0021-9290(01)00169-5},
  journaltitle = {Journal of Biomechanics},
  publisher    = {Elsevier {BV}}
}%
%
@article{Full1991,
  author       = {R. J. Full and M. S. Tu},
  title        = {Mechanics of a rapid running insect: two-, four- and six-legged locomotion},
  number       = {1},
  pages        = {215--231},
  volume       = {156},
  date         = {1991-03},
  doi          = {10.1242/jeb.156.1.215},
  journaltitle = {Journal of Experimental Biology},
  publisher    = {The Company of Biologists},
}%
%
@article{Gallagher1996,
  author       = {John C. Gallagher and Randall D. Beer and Kenneth S. Espenschied and Roger D. Quinn},
  date         = {1996-11},
  journaltitle = {Robotics and Autonomous Systems},
  title        = {Application of evolved locomotion controllers to a hexapod robot},
  doi          = {10.1016/s0921-8890(96)00036-x},
  number       = {1},
  pages        = {95--103},
  volume       = {19},
  publisher    = {Elsevier {BV}},
}%
%
@article{Geng2006,
  author       = {Tao Geng and Bernd Porr and Florentin Wörgötter},
  title        = {Fast Biped Walking with a Sensor-driven Neuronal Controller and Real-time Online Learning},
  number       = {3},
  pages        = {243--259},
  volume       = {25},
  date         = {2006-03},
  doi          = {10.1177/0278364906063822},
  journaltitle = {The International Journal of Robotics Research},
  publisher    = {{SAGE} Publications},
}%
%
@article{Genin2010,
  author       = {J. J. Genin and P. A. Willems and G. A. Cavagna and R. Lair and N. C. Heglund},
  title        = {Biomechanics of locomotion in Asian elephants},
  number       = {5},
  pages        = {694--706},
  volume       = {213},
  date         = {2010-03},
  doi          = {10.1242/jeb.035436},
  journaltitle = {Journal of Experimental Biology},
  publisher    = {The Company of Biologists},
}%
%
@article{Geyer2006,
  author       = {Hartmut Geyer and Andre Seyfarth and Reinhard Blickhan},
  title        = {Compliant leg behaviour explains basic dynamics of walking and running},
  number       = {1603},
  pages        = {2861--2867},
  volume       = {273},
  date         = {2006-08},
  doi          = {10.1098/rspb.2006.3637},
  journaltitle = {Proceedings of the Royal Society B: Biological Sciences},
  publisher    = {The Royal Society},
}%
%
@inproceedings{Goswami1996,
  author    = {A. Goswami and B. Espiau and A. Keramane},
  booktitle = {Proceedings of {IEEE} International Conference on Robotics and Automation},
  title     = {Limit cycles and their stability in a passive bipedal gait},
  publisher = {{IEEE}},
  doi       = {10.1109/robot.1996.503785},
}%
%
@article{Griffin2004,
  author       = {Timothy M. Griffin and Russell P. Main and Claire T. Farley},
  title        = {Biomechanics of quadrupedal walking: how do four-legged animals achieve inverted pendulum-like movements?},
  number       = {20},
  pages        = {3545--3558},
  volume       = {207},
  date         = {2004-09},
  doi          = {10.1242/jeb.01177},
  journaltitle = {Journal of Experimental Biology},
  publisher    = {The Company of Biologists},
}%
%
@article{Grillner1975,
  author       = {S. Grillner},
  title        = {Locomotion in vertebrates: central mechanisms and reflex interaction},
  number       = {2},
  pages        = {247--304},
  volume       = {55},
  date         = {1975-04},
  doi          = {10.1152/physrev.1975.55.2.247},
  journaltitle = {Physiological Reviews},
  publisher    = {American Physiological Society},
}%
%
@article{Hildebrand1965,
  author       = {Milton Hildebrand},
  date         = {1965-11},
  journaltitle = {Science},
  title        = {Symmetrical Gaits of Horses},
  doi          = {10.1126/science.150.3697.701},
  number       = {3697},
  pages        = {701--708},
  volume       = {150},
  publisher    = {American Association for the Advancement of Science ({AAAS})},
}%
%
@article{Hildebrand1968,
  author       = {Milton Hildebrand},
  title        = {Symmetrical gaits of dogs in relation to body build},
  number       = {3},
  pages        = {353--359},
  volume       = {124},
  date         = {1968-03},
  doi          = {10.1002/jmor.1051240308},
  journaltitle = {Journal of Morphology},
  publisher    = {Wiley},
}%
%
@article{Hubicki2018,
  author       = {Christian Hubicki and Andy Abate and Patrick Clary and Siavash Rezazadeh and Mikhail Jones and Andrew Peekema and Johnathan Van Why and Ryan Domres and Albert Wu and William Martin and Hartmut Geyer and Jonathan Hurst},
  title        = {Walking and Running with Passive Compliance: Lessons from Engineering: A Live Demonstration of the {ATRIAS} Biped},
  number       = {3},
  pages        = {23--39},
  volume       = {25},
  date         = {2018-09},
  doi          = {10.1109/mra.2017.2783922},
  journaltitle = {{IEEE} Robotics and Automation Magazine},
  publisher    = {Institute of Electrical and Electronics Engineers ({IEEE})},
}%
%
@article{Irschick1999,
  author       = {D.J. Irschick and B.C. Jayne},
  title        = {Comparative three-dimensional kinematics of the hindlimb for high-speed bipedal and quadrupedal locomotion of lizards},
  number       = {9},
  pages        = {1047--1065},
  volume       = {202},
  date         = {1999-05},
  doi          = {10.1242/jeb.202.9.1047},
  journaltitle = {Journal of Experimental Biology},
  publisher    = {The Company of Biologists},
}%
%
@misc{Jenafox:ISB,
    author = {Renjewski, Daniel},
    title = {[The extensor and flexor joint angles of the Jenafox robot]},
    note = {[Applied Biorobotics (Module MW2388): Online; accessed January 22, 2023]},
    url = {https://www.moodle.tum.de/mod/page/view.php?id=2068770}
}%
%
@misc{Jenafox:Wireframe,
    author = {Renjewski, Daniel},
    title = {[Schematic representation of the JenaFox robot]},
    note = {[Applied Biorobotics (Module MW2388): Online; accessed January 22, 2023]},
    url = {https://www.moodle.tum.de/course/view.php?id=75052}
}%
%
@inproceedings{Kajita1991,
  author    = {S. Kajita and K. Tani},
  booktitle = {Proceedings. 1991 {IEEE} International Conference on Robotics and Automation},
  title     = {Study of dynamic biped locomotion on rugged terrain-derivation and application of the linear inverted pendulum mode},
  publisher = {{IEEE} Comput. Soc. Press},
  doi       = {10.1109/robot.1991.131811},
}%
%
@article{Kelly2017,
  author       = {Matthew Kelly},
  date         = {2017-01},
  journaltitle = {{SIAM} Review},
  title        = {An Introduction to Trajectory Optimization: How to Do Your Own Direct Collocation},
  doi          = {10.1137/16m1062569},
  number       = {4},
  pages        = {849--904},
  volume       = {59},
  publisher    = {Society for Industrial {\&} Applied Mathematics ({SIAM})},
}%
%
@article{Kuo2005,
  author       = {Arthur D. Kuo and J Maxwell Donelan and Andy Ruina},
  title        = {Energetic Consequences of Walking Like an Inverted Pendulum: Step-to-Step Transitions},
  number       = {2},
  pages        = {88--97},
  volume       = {33},
  date         = {2005-04},
  doi          = {10.1097/00003677-200504000-00006},
  journaltitle = {Exercise and Sport Sciences Reviews},
  publisher    = {Ovid Technologies (Wolters Kluwer Health)}
}%
%
@article{Lee1998,
  author       = {C R Lee and C T Farley},
  title        = {Determinants of the center of mass trajectory in human walking and running.},
  number       = {21},
  pages        = {2935--2944},
  volume       = {201},
  date         = {1998-11},
  doi          = {10.1242/jeb.201.21.2935},
  journaltitle = {Journal of Experimental Biology},
  publisher    = {The Company of Biologists},
}%
%
@article{Lee2011,
  author       = {David V. Lee and John E. A. Bertram and Jennifer T. Anttonen and Ivo G. Ros and Sarah L. Harris and Andrew A. Biewener},
  date         = {2011-04},
  journaltitle = {Journal of The Royal Society Interface},
  title        = {A collisional perspective on quadrupedal gait dynamics},
  doi          = {10.1098/rsif.2011.0019},
  number       = {63},
  pages        = {1480--1486},
  volume       = {8},
  publisher    = {The Royal Society}
}%
%
@article{Lee2013,
  author       = {David V. Lee and Tudor N. Comanescu and Michael T. Butcher and John E. A. Bertram},
  date         = {2013-11},
  journaltitle = {Proceedings of the Royal Society B: Biological Sciences},
  title        = {A comparative collision-based analysis of human gait},
  doi          = {10.1098/rspb.2013.1779},
  number       = {1771},
  pages        = {20131779},
  volume       = {280},
  publisher    = {The Royal Society}
}%
%
@article{Lee2018,
  author       = {David V. Lee and Sarah L. Harris},
  date         = {2018-10},
  journaltitle = {Frontiers in Robotics and {AI}},
  title        = {Linking Gait Dynamics to Mechanical Cost of Legged Locomotion},
  doi          = {10.3389/frobt.2018.00111},
  volume       = {5},
  publisher    = {Frontiers Media {SA}}
}%
%
@article{Lipfert2012,
  author       = {Susanne W. Lipfert and Michael Günther and Daniel Renjewski and Sten Grimmer and Andre Seyfarth},
  title        = {A model-experiment comparison of system dynamics for human walking and running},
  pages        = {11--17},
  volume       = {292},
  date         = {2012-01},
  doi          = {10.1016/j.jtbi.2011.09.021},
  journaltitle = {Journal of Theoretical Biology},
  publisher    = {Elsevier {BV}},
}%
%
@book{MATLAB:2022,
year = {2022},
author = {MATLAB},
title = {version 9.12.0.2170939 (R2022a) Update 6},
publisher = {The MathWorks Inc.},
address = {Natick, Massachusetts}
}%
%
@article{Maus2010,
  author       = {H.-M. Maus and S.W. Lipfert and M. Gross and J. Rummel and A. Seyfarth},
  date         = {2010-09},
  journaltitle = {Nature Communications},
  title        = {Upright human gait did not provide a major mechanical challenge for our ancestors},
  doi          = {10.1038/ncomms1073},
  number       = {1},
  volume       = {1},
  publisher    = {Springer Science and Business Media {LLC}},
}%
%
@article{McMahon1990,
  author       = {Thomas A. McMahon and George C. Cheng},
  title        = {The mechanics of running: How does stiffness couple with speed?},
  pages        = {65--78},
  volume       = {23},
  date         = {1990-01},
  doi          = {10.1016/0021-9290(90)90042-2},
  journaltitle = {Journal of Biomechanics},
  publisher    = {Elsevier {BV}},
}%
%
@inproceedings{Renjewski2012,
  author    = {Renjewski, Daniel},
  title     = {Robotic Spring-Mass Walkers - Potential and Limitations},
  booktitle = {Dynamic Walking},
  year      = {2012},
  keywords  = {external}
}%
%
@book{Renjewski2013,
  author    = {Renjewski, Daniel},
  title     = {An Engineering Contribution to Human Gait Biomechanics},
  isbn      = {9783830068587},
  pages     = {140},
  year      = {2013},
  publisher = {Verlag Dr. Kovac}
}%
%
@article{Reynolds1987,
  author       = {Thomas R. Reynolds},
  title        = {Stride length and its determinants in humans, early hominids, primates, and mammals},
  number       = {1},
  pages        = {101--115},
  volume       = {72},
  date         = {1987-01},
  doi          = {10.1002/ajpa.1330720113},
  journaltitle = {American Journal of Physical Anthropology},
  publisher    = {Wiley},
}%
%
@inproceedings{Rummel2010,
  author    = {Juergen Rummel and Yvonne Blum and H Moritz Maus and Christian Rode and Andre Seyfarth},
  booktitle = {2010 {IEEE} International Conference on Robotics and Automation},
  date      = {2010-05},
  title     = {Stable and robust walking with compliant legs},
  doi       = {10.1109/robot.2010.5509500},
  publisher = {{IEEE}},
}%
%
@book{Siciliano2016,
  date      = {2016},
  title     = {Springer Handbook of Robotics},
  doi       = {10.1007/978-3-319-32552-1},
  editor    = {Bruno Siciliano and Oussama Khatib},
  publisher = {Springer International Publishing},
}%
%
@article{Sitti2013,
  author       = {Metin Sitti and Arianna Menciassi and Auke Jan Ijspeert and Kin Huat Low and Sangbae Kim},
  title        = {Survey and Introduction to the Focused Section on Bio-Inspired Mechatronics},
  number       = {2},
  pages        = {409--418},
  volume       = {18},
  date         = {2013-04},
  doi          = {10.1109/tmech.2012.2233492},
  journaltitle = {{IEEE}/{ASME} Transactions on Mechatronics},
  publisher    = {Institute of Electrical and Electronics Engineers ({IEEE})},
}%
%
@book{Vernon2014,
  author    = {Vernon, David},
  publisher = {MIT Press},
  title     = {Artificial Cognitive Systems},
  isbn      = {9780262028387},
  date      = {2014},
  pages     = {288},
  subtitle  = {A Primer},
}%
%
