@book{Biewener2018,
  author    = {Andrew Biewener, Sheila Patek},
  date      = {2018-03-23},
  title     = {Animal Locomotion},
  isbn      = {0191060852},
  pagetotal = {256},
  publisher = {Oxford University Press},
  url       = {https://www.ebook.de/de/product/34926791/andrew_biewener_sheila_patek_animal_locomotion.html},
  ean       = {9780191060854},
  year      = {2018}
}%
%
@mastersthesis{Bommel2011,
  title   = {Virtual pivot point control for running robots},
  author  = {Van Bommel, Leonard},
  type    = {M.S. thesis},
  school  = {Delft University of Technology (TU Delft)},
  address = {Delft, The Netherlands},
  year    = {2011},
  url = {http://resolver.tudelft.nl/uuid:11f0f72d-bd6b-4577-a0e1-8befd6c68142}
}%
%
@article{Lee2011,
  author       = {David V. Lee and John E. A. Bertram and Jennifer T. Anttonen and Ivo G. Ros and Sarah L. Harris and Andrew A. Biewener},
  date         = {2011-04},
  journaltitle = {Journal of The Royal Society Interface},
  title        = {A collisional perspective on quadrupedal gait dynamics},
  doi          = {10.1098/rsif.2011.0019},
  number       = {63},
  pages        = {1480--1486},
  volume       = {8},
  publisher    = {The Royal Society}
}%
%
@article{Lee2013,
  author       = {David V. Lee and Tudor N. Comanescu and Michael T. Butcher and John E. A. Bertram},
  date         = {2013-11},
  journaltitle = {Proceedings of the Royal Society B: Biological Sciences},
  title        = {A comparative collision-based analysis of human gait},
  doi          = {10.1098/rspb.2013.1779},
  number       = {1771},
  pages        = {20131779},
  volume       = {280},
  publisher    = {The Royal Society}
}%
%
@inproceedings{Maus2008,
  author    = {H.-M. Maus and J. Rummel and A. Seyfarth},
  booktitle = {Advances in Mobile Robotics},
  title     = {Stable Upright Walking and Running using a simple Pendulum based Control Scheme},
  publisher = {World Scientific},
  date      = {2008-08},
  doi       = {10.1142/9789812835772_0075}
}%
%
@article{Maus2010,
  author       = {H.-M. Maus and S.W. Lipfert and M. Gross and J. Rummel and A. Seyfarth},
  title        = {Upright human gait did not provide a major mechanical challenge for our ancestors},
  number       = {1},
  volume       = {1},
  date         = {2010-09},
  doi          = {10.1038/ncomms1073},
  journaltitle = {Nature Communications},
  publisher    = {Springer Science and Business Media {LLC}}
}%
%
@book{Raibert1986,
  author    = {Raibert, Marc H.},
  date      = {1986},
  title     = {Legged robots that balance},
  isbn      = {0262181177},
  pages     = {233},
  publisher = {MIT Press}
}%
%
@article{Rummel2008,
  author       = {Juergen Rummel and Andre Seyfarth},
  date         = {2008-08},
  journaltitle = {The International Journal of Robotics Research},
  title        = {Stable Running with Segmented Legs},
  doi          = {10.1177/0278364908095136},
  number       = {8},
  pages        = {919--934},
  volume       = {27},
  publisher    = {{SAGE} Publications}
}%
%
@article{Shen2012,
  author       = {Z H Shen and J E Seipel},
  date         = {2012-09},
  journaltitle = {Bioinspiration {\&} Biomimetics},
  title        = {A fundamental mechanism of legged locomotion with hip torque and leg damping},
  doi          = {10.1088/1748-3182/7/4/046010},
  number       = {4},
  pages        = {046010},
  volume       = {7},
  publisher    = {{IOP} Publishing}
}%
%
@article{Seyfarth2002,
  author       = {Andre Seyfarth and Hartmut Geyer and Michael GÃ¼nther and Reinhard Blickhan},
  title        = {A movement criterion for running},
  number       = {5},
  pages        = {649--655},
  volume       = {35},
  date         = {2002-05},
  doi          = {10.1016/s0021-9290(01)00245-7},
  journaltitle = {Journal of Biomechanics},
  publisher    = {Elsevier {BV}},
}%
%